<?xml version="1.0" encoding="UTF-8"?>
<record>
  <leader>01687nas a2200541 c 4500</leader>
  <controlfield tag="005">20230501191607.0</controlfield>
  <controlfield tag="007">tu</controlfield>
  <controlfield tag="008">991121c19919999gw z||p|  ||| 0||||1ger c</controlfield>
  <controlfield tag="003">DE-605</controlfield>
  <controlfield tag="001">990055981810206441</controlfield>
  <datafield tag="015" ind1=" " ind2=" ">
    <subfield code="a">92,A27,0772</subfield>
    <subfield code="2">dnb</subfield>
  </datafield>
  <datafield tag="016" ind1="7" ind2=" ">
    <subfield code="a">1089874-8</subfield>
    <subfield code="2">DE-600</subfield>
  </datafield>
  <datafield tag="016" ind1="7" ind2=" ">
    <subfield code="a">01620476X</subfield>
    <subfield code="2">DE-101</subfield>
  </datafield>
  <datafield tag="022" ind1=" " ind2=" ">
    <subfield code="a">0940-5453</subfield>
    <subfield code="0">http://worldcat.org/issn/0940-5453</subfield>
  </datafield>
  <datafield tag="022" ind1=" " ind2=" ">
    <subfield code="a">0940-5453</subfield>
    <subfield code="2">6</subfield>
    <subfield code="0">http://worldcat.org/issn/0940-5453</subfield>
  </datafield>
  <datafield tag="035" ind1=" " ind2=" ">
    <subfield code="a">(DE-599)ZDB1089874-8</subfield>
  </datafield>
  <datafield tag="035" ind1=" " ind2=" ">
    <subfield code="a">(OCoLC)724554237</subfield>
  </datafield>
  <datafield tag="035" ind1=" " ind2=" ">
    <subfield code="a">(DE-600)1089874-8</subfield>
  </datafield>
  <datafield tag="035" ind1=" " ind2=" ">
    <subfield code="a">(DE-101)01620476X</subfield>
  </datafield>
  <datafield tag="040" ind1=" " ind2=" ">
    <subfield code="a">9001</subfield>
    <subfield code="b">ger</subfield>
    <subfield code="c">DE-101</subfield>
    <subfield code="d">9001</subfield>
  </datafield>
  <datafield tag="041" ind1=" " ind2=" ">
    <subfield code="a">ger</subfield>
  </datafield>
  <datafield tag="044" ind1=" " ind2=" ">
    <subfield code="c">XA-DE</subfield>
  </datafield>
  <datafield tag="084" ind1=" " ind2=" ">
    <subfield code="a">61</subfield>
    <subfield code="a">63</subfield>
    <subfield code="a">900</subfield>
    <subfield code="a">910</subfield>
    <subfield code="a">914.3</subfield>
    <subfield code="q">DE-101</subfield>
    <subfield code="2">sdnb</subfield>
  </datafield>
  <datafield tag="084" ind1=" " ind2=" ">
    <subfield code="a">Bochum</subfield>
    <subfield code="0">https://nwbib.de/spatial#Q2103</subfield>
    <subfield code="2">nwbib</subfield>
    <subfield code="0">https://portal.dnb.de/opac.htm?method=simpleSearch&amp;cqlMode=true&amp;query=idn=040073289</subfield>
    <subfield code="0">http://viaf.org/viaf/sourceID/DNB|040073289</subfield>
  </datafield>
  <datafield tag="084" ind1=" " ind2=" ">
    <subfield code="a">Geschichte</subfield>
    <subfield code="0">https://nwbib.de/subjects#N240000</subfield>
    <subfield code="2">nwbib</subfield>
  </datafield>
  <datafield tag="084" ind1=" " ind2=" ">
    <subfield code="a">Landesbeschreibungen</subfield>
    <subfield code="0">https://nwbib.de/subjects#N102000</subfield>
    <subfield code="2">nwbib</subfield>
  </datafield>
  <datafield tag="084" ind1=" " ind2=" ">
    <subfield code="a">060</subfield>
    <subfield code="q">DE-600</subfield>
    <subfield code="2">sdnb</subfield>
  </datafield>
  <datafield tag="222" ind1=" " ind2="0">
    <subfield code="a">Bochumer Zeitpunkte</subfield>
  </datafield>
  <datafield tag="245" ind1="0" ind2="0">
    <subfield code="a">Bochumer Zeitpunkte</subfield>
    <subfield code="b">Beiträge zur Stadtgeschichte, Heimatkunde und Denkmalpflege</subfield>
    <subfield code="c">Hrsg.: Kortum-Gesellschaft Bochum e.V.</subfield>
  </datafield>
  <datafield tag="264" ind1="3" ind2="1">
    <subfield code="a">Bochum</subfield>
    <subfield code="b">Kortum-Gesellschaft Bochum</subfield>
    <subfield code="c">1991-</subfield>
  </datafield>
  <datafield tag="264" ind1=" " ind2="1">
    <subfield code="a">Bochum</subfield>
    <subfield code="b">Kracht</subfield>
    <subfield code="c">1991-[?]</subfield>
  </datafield>
  <datafield tag="300" ind1=" " ind2=" ">
    <subfield code="c">30 cm</subfield>
  </datafield>
  <datafield tag="336" ind1=" " ind2=" ">
    <subfield code="b">txt</subfield>
  </datafield>
  <datafield tag="337" ind1=" " ind2=" ">
    <subfield code="b">n</subfield>
  </datafield>
  <datafield tag="338" ind1=" " ind2=" ">
    <subfield code="b">nc</subfield>
  </datafield>
  <datafield tag="362" ind1="0" ind2=" ">
    <subfield code="a">1.1991 -</subfield>
  </datafield>
  <datafield tag="363" ind1="0" ind2="1">
    <subfield code="8">1.1\x</subfield>
    <subfield code="a">1</subfield>
    <subfield code="i">1991</subfield>
  </datafield>
  <datafield tag="689" ind1="0" ind2="0">
    <subfield code="a">Bochum</subfield>
    <subfield code="D">g</subfield>
    <subfield code="0">(DE-588)4007328-2</subfield>
    <subfield code="0">https://portal.dnb.de/opac.htm?method=simpleSearch&amp;cqlMode=true&amp;query=idn=040073289</subfield>
    <subfield code="0">http://viaf.org/viaf/sourceID/DNB|040073289</subfield>
  </datafield>
  <datafield tag="689" ind1="0" ind2="1">
    <subfield code="a">Geschichte</subfield>
    <subfield code="A">z</subfield>
  </datafield>
  <datafield tag="689" ind1="0" ind2="2">
    <subfield code="a">Zeitschrift</subfield>
    <subfield code="A">f</subfield>
  </datafield>
  <datafield tag="689" ind1="0" ind2=" ">
    <subfield code="5">DE-600</subfield>
    <subfield code="5">DE-600</subfield>
  </datafield>
  <datafield tag="689" ind1="1" ind2="0">
    <subfield code="a">Bochum</subfield>
    <subfield code="D">g</subfield>
    <subfield code="0">(DE-588)4007328-2</subfield>
    <subfield code="0">https://portal.dnb.de/opac.htm?method=simpleSearch&amp;cqlMode=true&amp;query=idn=040073289</subfield>
    <subfield code="0">http://viaf.org/viaf/sourceID/DNB|040073289</subfield>
  </datafield>
  <datafield tag="689" ind1="1" ind2="1">
    <subfield code="a">Heimatkunde</subfield>
    <subfield code="D">s</subfield>
    <subfield code="0">(DE-588)4127794-6</subfield>
    <subfield code="0">https://portal.dnb.de/opac.htm?method=simpleSearch&amp;cqlMode=true&amp;query=idn=041277945</subfield>
    <subfield code="0">http://viaf.org/viaf/sourceID/DNB|041277945</subfield>
    <subfield code="B">GND-041277945</subfield>
  </datafield>
  <datafield tag="689" ind1="1" ind2="2">
    <subfield code="a">Zeitschrift</subfield>
    <subfield code="A">f</subfield>
  </datafield>
  <datafield tag="689" ind1="1" ind2=" ">
    <subfield code="5">DE-600</subfield>
    <subfield code="5">DE-600</subfield>
  </datafield>
  <datafield tag="960" ind1="1" ind2=" ">
    <subfield code="n">NWBib-Zeitschrift-6</subfield>
  </datafield>
  <datafield tag="648" ind1=" " ind2="7">
    <subfield code="a">Geschichte</subfield>
    <subfield code="9">rswk-swf</subfield>
    <subfield code="2">gnd</subfield>
  </datafield>
  <datafield tag="655" ind1=" " ind2="7">
    <subfield code="a">Zeitschrift</subfield>
    <subfield code="0">(DE-588)4067488-5</subfield>
    <subfield code="2">gnd-content</subfield>
  </datafield>
  <datafield tag="MBD" ind1=" " ind2=" ">
    <subfield code="M">49HBZ_NETWORK</subfield>
    <subfield code="i">990055981810206441</subfield>
    <subfield code="n">HBZ Network</subfield>
  </datafield>
  <datafield tag="MBD" ind1=" " ind2=" ">
    <subfield code="M">49HBZ_BRIDGE_BDR</subfield>
    <subfield code="i">9936220407508</subfield>
    <subfield code="n">Bibliothek des Ruhrgebiets, Bochum</subfield>
  </datafield>
  <datafield tag="MBD" ind1=" " ind2=" ">
    <subfield code="M">49HBZ_UBO</subfield>
    <subfield code="i">991013479879706471</subfield>
    <subfield code="n">Universität Bochum</subfield>
  </datafield>
  <datafield tag="MBD" ind1=" " ind2=" ">
    <subfield code="M">49HBZ_ULM</subfield>
    <subfield code="i">991038386819706449</subfield>
    <subfield code="n">Universität Münster</subfield>
  </datafield>
  <datafield tag="MNG" ind1=" " ind2=" ">
    <subfield code="c">System</subfield>
    <subfield code="f">ZDB</subfield>
    <subfield code="i">marc21</subfield>
    <subfield code="h">20221031145845.0</subfield>
    <subfield code="k">01</subfield>
    <subfield code="e">false</subfield>
    <subfield code="d">2023-05-30 20:30:09 Europe/Berlin</subfield>
    <subfield code="g">005598181-HBZ01</subfield>
    <subfield code="j">90</subfield>
    <subfield code="a">import</subfield>
    <subfield code="b">2021-04-06 00:15:16 Europe/Berlin</subfield>
  </datafield>
  <datafield tag="H16" ind1="7" ind2=" ">
    <subfield code="a">1089874-8</subfield>
    <subfield code="2">DE-600</subfield>
    <subfield code="8">2217998960007508</subfield>
  </datafield>
  <datafield tag="H35" ind1=" " ind2=" ">
    <subfield code="a">(DE-600)122080815</subfield>
    <subfield code="8">2217998960007508</subfield>
  </datafield>
  <datafield tag="H92" ind1=" " ind2=" ">
    <subfield code="a">438001-0</subfield>
    <subfield code="8">2217998960007508</subfield>
  </datafield>
  <datafield tag="H52" ind1="8" ind2="1">
    <subfield code="t">1</subfield>
    <subfield code="c">kA</subfield>
    <subfield code="h">Bg 223</subfield>
    <subfield code="8">1</subfield>
    <subfield code="b">BR001</subfield>
    <subfield code="8">2217998960007508</subfield>
  </datafield>
  <datafield tag="H59" ind1="1" ind2="0">
    <subfield code="8">1.2\x</subfield>
    <subfield code="8">2217998960007508</subfield>
  </datafield>
  <datafield tag="H59" ind1="0" ind2="0">
    <subfield code="8">1.1\x</subfield>
    <subfield code="8">2217998960007508</subfield>
  </datafield>
  <datafield tag="H59" ind1=" " ind2=" ">
    <subfield code="a">1</subfield>
    <subfield code="i">1991</subfield>
    <subfield code="8">2217998960007508</subfield>
  </datafield>
  <datafield tag="H66" ind1="3" ind2="0">
    <subfield code="a">1.1991 -</subfield>
    <subfield code="8">2217998960007508</subfield>
  </datafield>
  <datafield tag="HOL" ind1=" " ind2=" ">
    <subfield code="d">2023-08-23 12:04:31</subfield>
    <subfield code="8">2217998960007508</subfield>
    <subfield code="b">2023-08-23 12:04:31</subfield>
    <subfield code="M">49HBZ_BRIDGE_BDR</subfield>
    <subfield code="g">false</subfield>
    <subfield code="a">System</subfield>
    <subfield code="c">System</subfield>
  </datafield>
  <datafield tag="H16" ind1="7" ind2=" ">
    <subfield code="a">1089874-8</subfield>
    <subfield code="2">DE-600</subfield>
    <subfield code="8">22118612190006471</subfield>
  </datafield>
  <datafield tag="H35" ind1=" " ind2=" ">
    <subfield code="a">(DE-600)076597008</subfield>
    <subfield code="8">22118612190006471</subfield>
  </datafield>
  <datafield tag="H35" ind1=" " ind2=" ">
    <subfield code="a">(DE-294)076597008-49hbz_ubo</subfield>
    <subfield code="8">22118612190006471</subfield>
  </datafield>
  <datafield tag="H92" ind1=" " ind2=" ">
    <subfield code="a">461000-3</subfield>
    <subfield code="d">294</subfield>
    <subfield code="k">NRW</subfield>
    <subfield code="l">a</subfield>
    <subfield code="o">b</subfield>
    <subfield code="8">22118612190006471</subfield>
  </datafield>
  <datafield tag="H52" ind1="8" ind2="1">
    <subfield code="b">UB</subfield>
    <subfield code="c">UB_Z</subfield>
    <subfield code="8">2</subfield>
    <subfield code="h">ZYC 22</subfield>
    <subfield code="9">00</subfield>
    <subfield code="9">09</subfield>
    <subfield code="x">DE-294</subfield>
    <subfield code="8">22118612190006471</subfield>
  </datafield>
  <datafield tag="H59" ind1="0" ind2="0">
    <subfield code="8">1.1\x</subfield>
    <subfield code="a">1</subfield>
    <subfield code="i">1991</subfield>
    <subfield code="8">22118612190006471</subfield>
  </datafield>
  <datafield tag="H59" ind1="0" ind2="0">
    <subfield code="8">2.1\x</subfield>
    <subfield code="a">2</subfield>
    <subfield code="i">1993</subfield>
    <subfield code="8">22118612190006471</subfield>
  </datafield>
  <datafield tag="H59" ind1="0" ind2="0">
    <subfield code="8">3.1\x</subfield>
    <subfield code="a">3</subfield>
    <subfield code="i">1994</subfield>
    <subfield code="8">22118612190006471</subfield>
  </datafield>
  <datafield tag="H59" ind1="0" ind2="0">
    <subfield code="8">4.1\x</subfield>
    <subfield code="a">4</subfield>
    <subfield code="i">1996</subfield>
    <subfield code="8">22118612190006471</subfield>
  </datafield>
  <datafield tag="H59" ind1="1" ind2="0">
    <subfield code="8">4.2\x</subfield>
    <subfield code="a">27</subfield>
    <subfield code="i">2011</subfield>
    <subfield code="8">22118612190006471</subfield>
  </datafield>
  <datafield tag="H66" ind1=" " ind2="0">
    <subfield code="z">Zeitschriften</subfield>
    <subfield code="8">22118612190006471</subfield>
  </datafield>
  <datafield tag="H66" ind1="3" ind2="0">
    <subfield code="a">1.1991,1; 2.1993,1; 3.1994,1; 4.1996 - 27.2011</subfield>
    <subfield code="8">22118612190006471</subfield>
  </datafield>
  <datafield tag="HOL" ind1=" " ind2=" ">
    <subfield code="b">2023-07-30 15:18:11</subfield>
    <subfield code="8">22118612190006471</subfield>
    <subfield code="M">49HBZ_UBO</subfield>
    <subfield code="g">false</subfield>
    <subfield code="a">import</subfield>
  </datafield>
  <datafield tag="H16" ind1="7" ind2=" ">
    <subfield code="a">1089874-8</subfield>
    <subfield code="2">DE-600</subfield>
    <subfield code="8">22118612210006471</subfield>
  </datafield>
  <datafield tag="H35" ind1=" " ind2=" ">
    <subfield code="a">(DE-600)076558398</subfield>
    <subfield code="8">22118612210006471</subfield>
  </datafield>
  <datafield tag="H35" ind1=" " ind2=" ">
    <subfield code="a">(DE-294)076558398-49hbz_ubo</subfield>
    <subfield code="8">22118612210006471</subfield>
  </datafield>
  <datafield tag="H92" ind1=" " ind2=" ">
    <subfield code="a">461000-3</subfield>
    <subfield code="d">294</subfield>
    <subfield code="k">NRW</subfield>
    <subfield code="l">a</subfield>
    <subfield code="o">b</subfield>
    <subfield code="8">22118612210006471</subfield>
  </datafield>
  <datafield tag="H52" ind1="8" ind2="1">
    <subfield code="b">UB</subfield>
    <subfield code="c">UB_Z</subfield>
    <subfield code="8">1</subfield>
    <subfield code="h">ZGC 889</subfield>
    <subfield code="9">00</subfield>
    <subfield code="9">09</subfield>
    <subfield code="x">DE-294</subfield>
    <subfield code="8">22118612210006471</subfield>
  </datafield>
  <datafield tag="H59" ind1="0" ind2="0">
    <subfield code="8">1.1\x</subfield>
    <subfield code="a">1</subfield>
    <subfield code="i">1991</subfield>
    <subfield code="8">22118612210006471</subfield>
  </datafield>
  <datafield tag="H59" ind1="0" ind2="0">
    <subfield code="8">2.1\x</subfield>
    <subfield code="a">2</subfield>
    <subfield code="i">1993</subfield>
    <subfield code="8">22118612210006471</subfield>
  </datafield>
  <datafield tag="H59" ind1="0" ind2="0">
    <subfield code="8">3.1\x</subfield>
    <subfield code="a">3</subfield>
    <subfield code="i">1994</subfield>
    <subfield code="8">22118612210006471</subfield>
  </datafield>
  <datafield tag="H59" ind1="0" ind2="1">
    <subfield code="8">4.1\x</subfield>
    <subfield code="a">4</subfield>
    <subfield code="i">1996</subfield>
    <subfield code="8">22118612210006471</subfield>
  </datafield>
  <datafield tag="H66" ind1=" " ind2="0">
    <subfield code="z">Zeitschriften</subfield>
    <subfield code="8">22118612210006471</subfield>
  </datafield>
  <datafield tag="H66" ind1="3" ind2="0">
    <subfield code="a">1.1991,1; 2.1993,1; 3.1994,1; 4.1996 -</subfield>
    <subfield code="8">22118612210006471</subfield>
  </datafield>
  <datafield tag="H66" ind1=" " ind2="0">
    <subfield code="x">Geschenk</subfield>
    <subfield code="8">22118612210006471</subfield>
  </datafield>
  <datafield tag="HOL" ind1=" " ind2=" ">
    <subfield code="b">2023-07-30 15:18:11</subfield>
    <subfield code="8">22118612210006471</subfield>
    <subfield code="M">49HBZ_UBO</subfield>
    <subfield code="g">false</subfield>
    <subfield code="a">import</subfield>
  </datafield>
  <datafield tag="H16" ind1="7" ind2=" ">
    <subfield code="a">1089874-8</subfield>
    <subfield code="2">DE-600</subfield>
    <subfield code="8">22547318230006449</subfield>
  </datafield>
  <datafield tag="H35" ind1=" " ind2=" ">
    <subfield code="a">(DE-600)387503161</subfield>
    <subfield code="8">22547318230006449</subfield>
  </datafield>
  <datafield tag="H35" ind1=" " ind2=" ">
    <subfield code="a">(DE-6)387503161-49hbz_ulm</subfield>
    <subfield code="8">22547318230006449</subfield>
  </datafield>
  <datafield tag="H92" ind1=" " ind2=" ">
    <subfield code="k">NRW</subfield>
    <subfield code="l">a</subfield>
    <subfield code="o">c</subfield>
    <subfield code="w">5</subfield>
    <subfield code="w">12</subfield>
    <subfield code="a">441000-2</subfield>
    <subfield code="8">22547318230006449</subfield>
  </datafield>
  <datafield tag="H52" ind1="8" ind2="1">
    <subfield code="b">ZB</subfield>
    <subfield code="c">ZB_LSAZS</subfield>
    <subfield code="8">3</subfield>
    <subfield code="9">09</subfield>
    <subfield code="h">WES 0001</subfield>
    <subfield code="a">DE-6</subfield>
    <subfield code="8">22547318230006449</subfield>
  </datafield>
  <datafield tag="H59" ind1="0" ind2="0">
    <subfield code="8">1.1\x</subfield>
    <subfield code="i">Neueste Hefte</subfield>
    <subfield code="8">22547318230006449</subfield>
  </datafield>
  <datafield tag="H66" ind1="3" ind2="0">
    <subfield code="a">Neueste Hefte</subfield>
    <subfield code="8">22547318230006449</subfield>
  </datafield>
  <datafield tag="HOL" ind1=" " ind2=" ">
    <subfield code="d">2023-06-02 14:07:29</subfield>
    <subfield code="8">22547318230006449</subfield>
    <subfield code="b">2022-07-11 10:48:50</subfield>
    <subfield code="M">49HBZ_ULM</subfield>
    <subfield code="g">false</subfield>
    <subfield code="a">import</subfield>
    <subfield code="c">System</subfield>
  </datafield>
  <datafield tag="H16" ind1="7" ind2=" ">
    <subfield code="a">1089874-8</subfield>
    <subfield code="2">DE-600</subfield>
    <subfield code="8">22547318240006449</subfield>
  </datafield>
  <datafield tag="H35" ind1=" " ind2=" ">
    <subfield code="a">(DE-600)682967513</subfield>
    <subfield code="8">22547318240006449</subfield>
  </datafield>
  <datafield tag="H35" ind1=" " ind2=" ">
    <subfield code="a">(DE-6)682967513-49hbz_ulm</subfield>
    <subfield code="8">22547318240006449</subfield>
  </datafield>
  <datafield tag="H92" ind1=" " ind2=" ">
    <subfield code="k">NRW</subfield>
    <subfield code="l">a</subfield>
    <subfield code="o">c</subfield>
    <subfield code="w">5</subfield>
    <subfield code="a">441000-2</subfield>
    <subfield code="8">22547318240006449</subfield>
  </datafield>
  <datafield tag="H52" ind1="8" ind2="1">
    <subfield code="b">ZB</subfield>
    <subfield code="c">ZB_LS</subfield>
    <subfield code="8">2</subfield>
    <subfield code="9">00</subfield>
    <subfield code="9">09</subfield>
    <subfield code="h">WES 0.1:55</subfield>
    <subfield code="a">DE-6</subfield>
    <subfield code="8">22547318240006449</subfield>
  </datafield>
  <datafield tag="H59" ind1="0" ind2="1">
    <subfield code="8">1.1\x</subfield>
    <subfield code="a">41</subfield>
    <subfield code="i">2020 </subfield>
    <subfield code="8">22547318240006449</subfield>
  </datafield>
  <datafield tag="H66" ind1="3" ind2="0">
    <subfield code="a">41.2020 -</subfield>
    <subfield code="8">22547318240006449</subfield>
  </datafield>
  <datafield tag="H66" ind1=" " ind2="0">
    <subfield code="x">Magazinsignatur: PXB 457</subfield>
    <subfield code="8">22547318240006449</subfield>
  </datafield>
  <datafield tag="HOL" ind1=" " ind2=" ">
    <subfield code="d">2023-06-02 14:07:25</subfield>
    <subfield code="8">22547318240006449</subfield>
    <subfield code="b">2022-07-11 10:48:50</subfield>
    <subfield code="M">49HBZ_ULM</subfield>
    <subfield code="g">false</subfield>
    <subfield code="a">import</subfield>
    <subfield code="c">System</subfield>
  </datafield>
  <datafield tag="H16" ind1="7" ind2=" ">
    <subfield code="a">1089874-8</subfield>
    <subfield code="2">DE-600</subfield>
    <subfield code="8">22547318250006449</subfield>
  </datafield>
  <datafield tag="H35" ind1=" " ind2=" ">
    <subfield code="a">(DE-600)044779968</subfield>
    <subfield code="8">22547318250006449</subfield>
  </datafield>
  <datafield tag="H35" ind1=" " ind2=" ">
    <subfield code="a">(DE-6)044779968-49hbz_ulm</subfield>
    <subfield code="8">22547318250006449</subfield>
  </datafield>
  <datafield tag="H92" ind1=" " ind2=" ">
    <subfield code="k">NRW</subfield>
    <subfield code="l">a</subfield>
    <subfield code="o">c</subfield>
    <subfield code="w">5</subfield>
    <subfield code="a">441000-2</subfield>
    <subfield code="8">22547318250006449</subfield>
  </datafield>
  <datafield tag="H52" ind1="8" ind2="1">
    <subfield code="b">ZB</subfield>
    <subfield code="c">ZB_LS</subfield>
    <subfield code="8">1</subfield>
    <subfield code="9">00</subfield>
    <subfield code="9">09</subfield>
    <subfield code="h">WES 0.1:55</subfield>
    <subfield code="a">DE-6</subfield>
    <subfield code="8">22547318250006449</subfield>
  </datafield>
  <datafield tag="H59" ind1="0" ind2="0">
    <subfield code="8">1.1\x</subfield>
    <subfield code="a">1</subfield>
    <subfield code="i">1991</subfield>
    <subfield code="8">22547318250006449</subfield>
  </datafield>
  <datafield tag="H59" ind1="1" ind2="0">
    <subfield code="8">1.2\x</subfield>
    <subfield code="a">40</subfield>
    <subfield code="i">2019</subfield>
    <subfield code="8">22547318250006449</subfield>
  </datafield>
  <datafield tag="H66" ind1="3" ind2="0">
    <subfield code="a">1.1991 - 40.2019</subfield>
    <subfield code="8">22547318250006449</subfield>
  </datafield>
  <datafield tag="H66" ind1=" " ind2="0">
    <subfield code="x">Magazinsignatur: XA 554</subfield>
    <subfield code="8">22547318250006449</subfield>
  </datafield>
  <datafield tag="HOL" ind1=" " ind2=" ">
    <subfield code="d">2023-06-02 14:07:26</subfield>
    <subfield code="8">22547318250006449</subfield>
    <subfield code="b">2022-07-11 10:48:50</subfield>
    <subfield code="M">49HBZ_ULM</subfield>
    <subfield code="g">false</subfield>
    <subfield code="a">import</subfield>
    <subfield code="c">System</subfield>
  </datafield>
  <datafield tag="ITM" ind1=" " ind2=" ">
    <subfield code="H">22547318230006449</subfield>
    <subfield code="x">ZB_LSAZS</subfield>
    <subfield code="f">ISSUE</subfield>
    <subfield code="v">ZB_LSAZS</subfield>
    <subfield code="X">eckhofb</subfield>
    <subfield code="Y">2022-12-19 11:44:31 Europe/Berlin</subfield>
    <subfield code="e">0</subfield>
    <subfield code="i">45</subfield>
    <subfield code="k">2024</subfield>
    <subfield code="M">49HBZ_ULM</subfield>
    <subfield code="s">0</subfield>
    <subfield code="d">8</subfield>
    <subfield code="V">eckhofb</subfield>
    <subfield code="b">ULB0054169</subfield>
    <subfield code="a">23651985810006449</subfield>
    <subfield code="c">WES 0001</subfield>
    <subfield code="r">ACQ</subfield>
    <subfield code="q">Bd.45(2024)</subfield>
    <subfield code="W">2022-12-19 11:44:31 Europe/Berlin</subfield>
    <subfield code="u">ZB</subfield>
    <subfield code="w">ZB</subfield>
  </datafield>
  <datafield tag="ITM" ind1=" " ind2=" ">
    <subfield code="H">22547318230006449</subfield>
    <subfield code="x">ZB_LSAZS</subfield>
    <subfield code="f">ISSUE</subfield>
    <subfield code="v">ZB_LSAZS</subfield>
    <subfield code="X">eckhofb</subfield>
    <subfield code="U">2022-12-19 11:27:36 Europe/Berlin</subfield>
    <subfield code="Y">2022-12-19 11:44:25 Europe/Berlin</subfield>
    <subfield code="i">43</subfield>
    <subfield code="k">2022</subfield>
    <subfield code="M">49HBZ_ULM</subfield>
    <subfield code="s">1</subfield>
    <subfield code="d">8</subfield>
    <subfield code="V">eckhofb</subfield>
    <subfield code="b">ULB0041793</subfield>
    <subfield code="a">23650616280006449</subfield>
    <subfield code="c">WES 0001</subfield>
    <subfield code="q">Bd.43(2022)</subfield>
    <subfield code="W">2022-11-24 13:07:26 Europe/Berlin</subfield>
    <subfield code="u">ZB</subfield>
    <subfield code="w">ZB</subfield>
  </datafield>
  <datafield tag="ITM" ind1=" " ind2=" ">
    <subfield code="H">22547318230006449</subfield>
    <subfield code="x">ZB_LSAZS</subfield>
    <subfield code="f">ISSUE</subfield>
    <subfield code="v">ZB_LSAZS</subfield>
    <subfield code="X">eckhofb</subfield>
    <subfield code="U">2022-11-24 13:07:59 Europe/Berlin</subfield>
    <subfield code="Y">2022-12-19 11:44:25 Europe/Berlin</subfield>
    <subfield code="i">44</subfield>
    <subfield code="k">2023</subfield>
    <subfield code="M">49HBZ_ULM</subfield>
    <subfield code="s">1</subfield>
    <subfield code="d">8</subfield>
    <subfield code="V">eckhofb</subfield>
    <subfield code="b">ULB0041794</subfield>
    <subfield code="a">23650616270006449</subfield>
    <subfield code="c">WES 0001</subfield>
    <subfield code="q">Bd.44(2023)</subfield>
    <subfield code="W">2022-11-24 13:07:36 Europe/Berlin</subfield>
    <subfield code="u">ZB</subfield>
    <subfield code="w">ZB</subfield>
  </datafield>
  <datafield tag="GST" ind1=" " ind2=" ">
    <subfield code="a">Heimatforschung</subfield>
    <subfield code="A">GND</subfield>
    <subfield code="B">GND-041277945</subfield>
    <subfield code="C">450</subfield>
  </datafield>
  <datafield tag="GST" ind1=" " ind2=" ">
    <subfield code="a">Heimatgeschichte</subfield>
    <subfield code="A">GND</subfield>
    <subfield code="B">GND-041277945</subfield>
    <subfield code="C">450</subfield>
  </datafield>
  <datafield tag="GSI" ind1="7" ind2=" ">
    <subfield code="a">http://d-nb.info/gnd/4127794-6</subfield>
    <subfield code="2">uri</subfield>
    <subfield code="A">GND</subfield>
    <subfield code="B">GND-041277945</subfield>
    <subfield code="C">024</subfield>
  </datafield>
  <datafield tag="GSI" ind1="7" ind2=" ">
    <subfield code="a">4007328-2</subfield>
    <subfield code="0">http://d-nb.info/gnd/4007328-2</subfield>
    <subfield code="2">gnd</subfield>
    <subfield code="A">GND</subfield>
    <subfield code="B">GND-040073289</subfield>
    <subfield code="C">024</subfield>
  </datafield>
  <datafield tag="GSI" ind1="7" ind2=" ">
    <subfield code="a">2947416</subfield>
    <subfield code="2">geonames</subfield>
    <subfield code="A">GND</subfield>
    <subfield code="B">GND-040073289</subfield>
    <subfield code="C">024</subfield>
  </datafield>
  <datafield tag="GGN" ind1=" " ind2=" ">
    <subfield code="a">Stadt Bochum</subfield>
    <subfield code="A">GND</subfield>
    <subfield code="B">GND-040073289</subfield>
    <subfield code="C">451</subfield>
  </datafield>
  <datafield tag="GGN" ind1=" " ind2=" ">
    <subfield code="a">Baukem</subfield>
    <subfield code="9">v:westfälisch</subfield>
    <subfield code="A">GND</subfield>
    <subfield code="B">GND-040073289</subfield>
    <subfield code="C">451</subfield>
  </datafield>
  <datafield tag="GSI" ind1="7" ind2=" ">
    <subfield code="a">4007328-2</subfield>
    <subfield code="0">http://d-nb.info/gnd/4007328-2</subfield>
    <subfield code="2">gnd</subfield>
    <subfield code="A">GND</subfield>
    <subfield code="B">GND-040073289</subfield>
    <subfield code="C">024</subfield>
  </datafield>
  <datafield tag="GSI" ind1="7" ind2=" ">
    <subfield code="a">2947416</subfield>
    <subfield code="2">geonames</subfield>
    <subfield code="A">GND</subfield>
    <subfield code="B">GND-040073289</subfield>
    <subfield code="C">024</subfield>
  </datafield>
  <datafield tag="GGN" ind1=" " ind2=" ">
    <subfield code="a">Stadt Bochum</subfield>
    <subfield code="A">GND</subfield>
    <subfield code="B">GND-040073289</subfield>
    <subfield code="C">451</subfield>
  </datafield>
  <datafield tag="GGN" ind1=" " ind2=" ">
    <subfield code="a">Baukem</subfield>
    <subfield code="9">v:westfälisch</subfield>
    <subfield code="A">GND</subfield>
    <subfield code="B">GND-040073289</subfield>
    <subfield code="C">451</subfield>
  </datafield>
</record>
